<?xml version="1.0" encoding="UTF-8"?><collection xmlns="http://www.loc.gov/MARC21/slim"><record><leader>00351nam--2200133-i-4500</leader><controlfield tag="001">000020785</controlfield><controlfield tag="002">20161230</controlfield><controlfield tag="005">20161230201033</controlfield><controlfield tag="008">060222s1000------------r-----000-0-eng-d</controlfield><datafield ind1=" " ind2=" " tag="080"><subfield code="a">51:33</subfield></datafield><datafield ind1=" " ind2=" " tag="100"><subfield code="a">P.Stanciu, D.Criveanu, Gh.David, W.Fuchs</subfield></datafield><datafield ind1=" " ind2=" " tag="245"><subfield code="a">Matematici aplicate in economie</subfield></datafield><datafield ind1=" " ind2=" " tag="260"><subfield code="a">Timisoara, Editura Facla, 1981 430 P</subfield></datafield><datafield ind1=" " ind2=" " tag="852"><subfield code="a">80729</subfield></datafield></record></collection>